@article{dedner2002hyperbolic,
  title={{Hyperbolic divergence cleaning for the MHD equations}},
  author={Dedner, Andreas and Kemm, Friedemann and Kr{\"o}ner, Dietmar and Munz, C-D and Schnitzer, Thomas and Wesenberg, Matthias},
  journal={Journal of Computational Physics},
  volume={175},
  number={2},
  pages={645--673},
  year={2002},
  publisher={Academic Press}
}

@article{balsara2010multidimensional,
  title={{Multidimensional HLLE Riemann solver: application to Euler and magnetohydrodynamic flows}},
  author={Balsara, Dinshaw S},
  journal={Journal of Computational Physics},
  volume={229},
  number={6},
  pages={1970--1993},
  year={2010},
  publisher={Elsevier}
}

@article{balsara1999staggered,
  title={A staggered mesh algorithm using high order Godunov fluxes to ensure solenoidal magnetic fields in magnetohydrodynamic simulations},
  author={Balsara, Dinshaw S and Spicer, Daniel S},
  journal={Journal of Computational Physics},
  volume={149},
  number={2},
  pages={270--292},
  year={1999},
  publisher={Elsevier}
}

@article{dumbser2019divergence,
  title={A divergence-free semi-implicit finite volume scheme for ideal, viscous, and resistive magnetohydrodynamics},
  author={Dumbser, Michael and Balsara, Dinshaw S and Tavelli, Maurizio and Fambri, Francesco},
  journal={International journal for numerical methods in fluids},
  volume={89},
  number={1-2},
  pages={16--42},
  year={2019},
  publisher={Wiley Online Library}
}

@article{orszag1979small,
  title={Small-scale structure of two-dimensional magnetohydrodynamic turbulence},
  author={Orszag, Steven A and Tang, Cha-Mei},
  journal={Journal of Fluid Mechanics},
  volume={90},
  number={1},
  pages={129--143},
  year={1979},
  publisher={Cambridge University Press}
}